<record xmlns="http://www.loc.gov/MARC21/slim" xmlns:xsi="http://www.w3.org/2001/XMLSchema-instance" xsi:schemaLocation="http://www.loc.gov/MARC21/slim http://www.loc.gov/standards/marcxml/schema/MARC21slim.xsd"><leader>     nam a22        4500</leader><controlfield tag="001">3072094</controlfield><controlfield tag="003">NNC</controlfield><controlfield tag="006">m        d        </controlfield><controlfield tag="007">cr cn |||m|||a</controlfield><controlfield tag="008">150601r19481948ua      ob    000 0 ara d</controlfield><datafield ind1=" " ind2=" " tag="040"><subfield code="a">NNU</subfield><subfield code="b">eng</subfield><subfield code="e">rda</subfield><subfield code="c">NNU</subfield></datafield><datafield ind1="1" ind2=" " tag="100"><subfield code="6">880-01</subfield><subfield code="a">Mu&#700;nis, H&#803;usayn,</subfield><subfield code="d">1911-</subfield></datafield><datafield ind1="1" ind2="0" tag="245"><subfield code="6">880-02</subfield><subfield code="a">Thawra&#772;t al-barbar fi&#772; Ifriqi&#772;ya&#772; wa al-Andalus bayna sanati&#772; 102-136 H. (721-753 M.).</subfield></datafield><datafield ind1=" " ind2=" " tag="260"><subfield code="6">880-03</subfield><subfield code="a">[Cairo] :</subfield><subfield code="b">Ja&#772;mi&#699;at Fu&#700;a&#772;d al-Awwal,</subfield><subfield code="b">Kulli&#772;yat al-Adab,</subfield><subfield code="c">1948.</subfield></datafield><datafield ind1=" " ind2=" " tag="300"><subfield code="a">online resource (64 pages)</subfield></datafield><datafield ind1=" " ind2=" " tag="336"><subfield code="a">text</subfield><subfield code="2">rdacontent</subfield></datafield><datafield ind1=" " ind2=" " tag="337"><subfield code="a">computer</subfield><subfield code="2">rdamedia</subfield></datafield><datafield ind1=" " ind2=" " tag="338"><subfield code="a">online resource</subfield><subfield code="2">rdacarrier</subfield></datafield><datafield ind1=" " ind2=" " tag="500"><subfield code="a">Cover title.</subfield></datafield><datafield ind1=" " ind2=" " tag="500"><subfield code="a">Reprinted from Majallat Kulliyat al-Adab, v. 1, no. 10, 1948.</subfield></datafield><datafield ind1=" " ind2=" " tag="500"><subfield code="a">Part of the Arabic Collections Online (ACO) project, contributed by Columbia University Libraries.</subfield></datafield><datafield ind1=" " ind2=" " tag="504"><subfield code="a">Includes bibliographical references (pages 63-64).</subfield></datafield><datafield ind1=" " ind2=" " tag="533"><subfield code="a">Electronic reproduction.</subfield><subfield code="b">New York, N.Y. :</subfield><subfield code="c">New York University,</subfield><subfield code="d">2015.</subfield><subfield code="5">NNU</subfield></datafield><datafield ind1="2" ind2=" " tag="710"><subfield code="a">Columbia University.</subfield><subfield code="b">Libraries.</subfield></datafield><datafield ind1="0" ind2=" " tag="730"><subfield code="a">Arabic Collections Online.</subfield></datafield><datafield ind1="0" ind2="8" tag="776"><subfield code="i">Print version:</subfield><subfield code="a">Mu&#700;nis, H&#803;usayn, 1911-</subfield><subfield code="t">Thawra&#772;t al-barbar fi&#772; Ifriqi&#772;ya&#772; wa al-Andalus bayna sanati&#772; 102-136 H. (721-753 M.)</subfield><subfield code="w">(NNC)3072094</subfield><subfield code="w">(OCoLC)47827748</subfield></datafield><datafield ind1="4" ind2="0" tag="856"><subfield code="u">http://hdl.handle.net/2333.1/rfj6q7ns</subfield></datafield><datafield ind1="1" ind2=" " tag="880"><subfield code="6">100-01/r</subfield><subfield code="a">&#1605;&#1572;&#1606;&#1587;&#1548; &#1581;&#1587;&#1610;&#1606;&#1548;</subfield><subfield code="d">1911-</subfield></datafield><datafield ind1="1" ind2="0" tag="880"><subfield code="6">245-02/r</subfield><subfield code="a">&#1579;&#1608;&#1585;&#1575;&#1578; &#1575;&#1604;&#1576;&#1585;&#1576;&#1585; &#1601;&#1610; &#1573;&#1601;&#1585;&#1602;&#1610;&#1575; &#1608; &#1575;&#1604;&#1571;&#1606;&#1583;&#1604;&#1587; &#1576;&#1610;&#1606; &#1587;&#1606;&#1578;&#1610; 102-136 &#1607;. (721-753 &#1605;.).</subfield></datafield><datafield ind1=" " ind2=" " tag="880"><subfield code="6">260-03/r</subfield><subfield code="a">[&#1575;&#1604;&#1602;&#1575;&#1607;&#1585;&#1577;] :</subfield><subfield code="b">&#1580;&#1575;&#1605;&#1593;&#1577; &#1601;&#1572;&#1575;&#1583; &#1575;&#1604;&#1575;&#1608;&#1604;&#1548;</subfield><subfield code="b">&#1603;&#1604;&#1610;&#1577; &#1575;&#1604;&#1575;&#1583;&#1576;&#1548;</subfield><subfield code="c">1948.</subfield></datafield><datafield ind1=" " ind2=" " tag="959"><subfield code="a">NNU</subfield><subfield code="b">WEB</subfield><subfield code="c">GENI</subfield><subfield code="t">0</subfield><subfield code="m">Electronic access</subfield><subfield code="s">01</subfield></datafield><datafield ind1=" " ind2=" " tag="999"><subfield code="i">NNC_3072094</subfield><subfield code="o">(OCoLC)ocm47827748</subfield><subfield code="s">columbia_aco000531</subfield><subfield code="e">(ERROR-880)</subfield><subfield code="s">columbia_aco000531</subfield></datafield></record>